<collection xmlns="http://www.loc.gov/MARC21/slim">
<record>
  <leader>01052nam0a22002411i 450 </leader>
  <controlfield tag="001">IT\ICCU\CNCE\066401</controlfield>
  <controlfield tag="005">20060926000000.0</controlfield>
  <datafield tag="012" ind1=" " ind2=" ">
    <subfield code="a">*.*. **** *.** **** (C) 1520 (G)</subfield>
    <subfield code="2">fei</subfield>
  </datafield>
  <datafield tag="100" ind1=" " ind2=" ">
    <subfield code="a">20060907d1520        0itac0103    ba</subfield>
  </datafield>
  <datafield tag="101" ind1=" " ind2=" ">
    <subfield code="a">GRC</subfield>
  </datafield>
  <datafield tag="102" ind1=" " ind2=" ">
    <subfield code="a">IT</subfield>
  </datafield>
  <datafield tag="200" ind1="1" ind2=" ">
    <subfield code="a">Biblion onomazomenon thysauros. Ho peri synegrapsato, ho en monachois Damaskenos ho hypodiakonos kai stoudit♯s ho thessalonikeus ...</subfield>
  </datafield>
  <datafield tag="210" ind1=" " ind2=" ">
    <subfield code="e">etyp¿‍the en Benetiais</subfield>
    <subfield code="g">aitesei kyriou Iak¿‍bou tou leonkinou</subfield>
    <subfield code="g">met&apos;epimeleias Gr♯gotiou tou malaxou ... </subfield>
    <subfield code="h">1520</subfield>
  </datafield>
  <datafield tag="215" ind1=" " ind2=" ">
    <subfield code="a">1 v.</subfield>
    <subfield code="d">4\</subfield>
  </datafield>
  <datafield tag="300" ind1=" " ind2=" ">
    <subfield code="a">ANNULLATA!! cfr.: 65690</subfield>
  </datafield>
  <datafield tag="620" ind1=" " ind2=" ">
    <subfield code="a">IT</subfield>
    <subfield code="d">Venezia</subfield>
  </datafield>
  <datafield tag="712" ind1="0" ind2="0">
    <subfield code="a">Leoncini, Giacomo</subfield>
    <subfield code="3">IT\ICCU\CNCT\000949</subfield>
    <subfield code="4">650</subfield>
  </datafield>
  <datafield tag="712" ind1="0" ind2="0">
    <subfield code="a">Malaxos, Gregorios</subfield>
    <subfield code="3">IT\ICCU\CNCT\001480</subfield>
    <subfield code="4">650</subfield>
  </datafield>
  <datafield tag="791" ind1="0" ind2="0">
    <subfield code="a">Leoncinus, Iacobus</subfield>
    <subfield code="3">IT\ICCU\CNCT\004944</subfield>
    <subfield code="z">Leoncini, Giacomo</subfield>
  </datafield>
  <datafield tag="791" ind1="0" ind2="0">
    <subfield code="a">Leonzini, Iacomo</subfield>
    <subfield code="3">IT\ICCU\CNCT\004945</subfield>
    <subfield code="z">Leoncini, Giacomo</subfield>
  </datafield>
  <datafield tag="791" ind1="0" ind2="0">
    <subfield code="a">Leoncino, Iacomo</subfield>
    <subfield code="3">IT\ICCU\CNCT\004946</subfield>
    <subfield code="z">Leoncini, Giacomo</subfield>
  </datafield>
  <datafield tag="801" ind1=" " ind2="3">
    <subfield code="a">IT</subfield>
    <subfield code="b">ICCU</subfield>
    <subfield code="c">20201115</subfield>
  </datafield>
  <datafield tag="899" ind1=" " ind2=" ">
    <subfield code="a">Biblioteca nazionale centrale. Firenze</subfield>
    <subfield code="1">FI0098</subfield>
    <subfield code="2">CFI CF</subfield>
  </datafield>
</record>
</collection>
